<?xml version="1.0" encoding="UTF-8"?><collection xmlns="http://www.loc.gov/MARC21/slim"><record><leader>00289nam--2200121-i-4500</leader><controlfield tag="001">000016943</controlfield><controlfield tag="002">20161230</controlfield><controlfield tag="005">20161230201032</controlfield><controlfield tag="008">060222s1000------------r-----000-0-eng-d</controlfield><datafield ind1=" " ind2=" " tag="245"><subfield code="a">D.e.r.89. faits marquants de france</subfield></datafield><datafield ind1=" " ind2=" " tag="260"><subfield code="a">Paris, Edf, 1989</subfield></datafield><datafield ind1=" " ind2=" " tag="490"><subfield code="a">133p</subfield></datafield><datafield ind1=" " ind2=" " tag="852"><subfield code="a">061.62(44):621.31</subfield></datafield></record></collection>